% Encoding: UTF-8

@Misc{Duden,
  author = {Bibliographisches Institut GmbH Dudenverlag},
  note   = {(Zugriff: 18.04.2020)},
  title  = {Duden},
  url    = {https://www.duden.de},
}

@Book{Vance2016,
  author    = {Vance, Ashlee},
  publisher = {Random House UK Ltd},
  title     = {{Elon Musk}},
  year      = {2016},
  isbn      = {0753557525},
  date      = {2016-03-01},
  ean       = {9780753557525},
  pagetotal = {392},
  url       = {https://www.ebook.de/de/product/25175854/ashlee_vance_elon_musk.html},
}

@Book{Papula2006,
  author    = {Papula, Lothar},
  publisher = {Vieweg},
  title     = {{M}athematische {F}ormelsammlung für {I}ngenieure und {N}aturwissenschaftler : mit zahlreichen {R}echenbeispielen und einer ausführlichen {I}ntegraltafel},
  year      = {2006},
  address   = {Wiesbaden},
  isbn      = {9783834801562},
}

@Comment{jabref-meta: databaseType:bibtex;}

